@book{kc14,
           title = {Statistical Analysis of Network Data with R},
          author = {Eric D Kolaczyk and Gabor Csardi},
       publisher = {Springer New York},
            year = {2014},
             url = {http://ebooks.ub.uni-muenchen.de/41860/},
      
}

@Manual{kc14r,
    title = {sand: Statistical Analysis of Network Data with R},
    author = {Eric D Kolaczyk and Gabor Csardi},
    year = {2014},
    note = {R package version 1.0.2},
    url = {https://github.com/kolaczyk/sand},
  }

@book{kol09,
           title = {Statistical Analysis of Network Data},
          author = {Eric D. Kolaczyk},
       publisher = {Springer New York},
            year = {2009},
             url = {http://ebooks.ub.uni-muenchen.de/40006/}
}

@misc{js14,
 	 author  = {Christoph Jansen and Christian Schmid}, 
  	title   = {{Eine statistische Analyse des Netzwerks
			des internationalen Waffenhandels von
			1950-2012}},
  	howpublished = {Fakult채t f체r Mathematik, Informatik und Statistik der
			Ludwig-Maximilians-Universit채t M체nchen},
  	year    = 2014,
}

@Manual{countrycode,
    title = {countrycode: Convert Country Names and Country Codes},
    author = {Vincent Arel-Bundock},
    year = {2014},
    note = {R package version 0.18},
    url = {http://CRAN.R-project.org/package=countrycode},
  }